<record xmlns="http://www.openarchives.org/OAI/2.0/" xmlns:xsi="http://www.w3.org/2001/XMLSchema-instance"><header><identifier>oai:alma.34CSIC_INST:990012316610204201</identifier><datestamp>2020-02-06T08:41:03Z</datestamp><setSpec>manuscripta</setSpec></header><metadata><record xmlns="http://www.loc.gov/MARC21/slim" xmlns:xsi="http://www.w3.org/2001/XMLSchema-instance" xsi:schemaLocation="http://www.loc.gov/MARC21/slim http://www.loc.gov/standards/marcxml/schema/MARC21slim.xsd"><leader>06465ntm a2200601 i 4500</leader><controlfield tag="005">20181031100353.0</controlfield><controlfield tag="008">100504q17851199xx            000 0 ara d</controlfield><controlfield tag="001">990012316610204201</controlfield><datafield tag="035" ind1=" " ind2=" "><subfield code="a">CSIC001231661</subfield></datafield><datafield tag="035" ind1=" " ind2=" "><subfield code="a">(ES-MaCSI)001231661MAD01-Aleph</subfield></datafield><datafield tag="035" ind1=" " ind2=" "><subfield code="a">(OCoLC)1123836758
</subfield></datafield><datafield tag="040" ind1=" " ind2=" "><subfield code="a">ES-MaCSI</subfield><subfield code="b">spa</subfield></datafield><datafield tag="080" ind1=" " ind2=" "><subfield code="a">091(=411.21)</subfield></datafield><datafield tag="080" ind1=" " ind2=" "><subfield code="a">348.9:28</subfield></datafield><datafield tag="100" ind1="1" ind2=" "><subfield code="a">[Šaiḥ al-islām a. ʿAl. M. b. A. ʿUllaiš al-Mālikī al-Maġribī]</subfield></datafield><datafield tag="245" ind1="1" ind2="0"><subfield code="a">[Šarḥ Muḥtaṣar Ḥalīl]</subfield><subfield code="h">[Manuscrito]</subfield></datafield><datafield tag="260" ind1=" " ind2=" "><subfield code="a">[S.l.],</subfield><subfield code="c">1785 [19 du-l-hiyya 1199/ 23 octubre 1785].</subfield></datafield><datafield tag="300" ind1=" " ind2=" "><subfield code="a">231 ff. (1 col. 12 líneas por pág.) :</subfield><subfield code="b">Papel tratado. ;</subfield><subfield code="c">10x10,5 cm. (caja: 6,8x6,1 cm.).</subfield></datafield><datafield tag="490" ind1="0" ind2=" "><subfield code="a">Manuscripta</subfield></datafield><datafield tag="500" ind1=" " ind2=" "><subfield code="a">Incipit: [بسملة وتصلية] يَقُول [الفقير] المضطر لرحمة ربه المنكس خاطره لقلة [...] والتقوى خليل بن [اسحاق] [...] الحمد الله حمدا يوافي ما تزايد [...].</subfield></datafield><datafield tag="500" ind1=" " ind2=" "><subfield code="a">Explicit: ولِلعَاصِب اثْنان فَإن بال مِن واحد أوْ كان أكْثَر أوْ أسبق أَوْ نبتت لحية أوْ ثديٌ أوْ حَصل حَيض أو مني فلا إِشْكَال والله اعْلَمُ.</subfield></datafield><datafield tag="500" ind1=" " ind2=" "><subfield code="a">Tinta negra, roja y azul.</subfield></datafield><datafield tag="500" ind1=" " ind2=" "><subfield code="a">Copista: 1 copista desconocido.</subfield></datafield><datafield tag="500" ind1=" " ind2=" "><subfield code="a">Colofón: ِنْتَهى تَكميلُه ضحوة يَوْمِ الارْلبعاَء تَاسع عشر دي الحجَّ الحرام عام تسعة وتسعين مأية وَالفٍ. وصَلَّى الله عَلَى سَيدِنَا وَمَوْلاَنَا مُحَمَّدٍ وعَلَى الله وصَحْبه سلّم تسليما.</subfield></datafield><datafield tag="500" ind1=" " ind2=" "><subfield code="a">Características especiales: Manuscrito de pequeño tamaño.</subfield></datafield><datafield tag="500" ind1=" " ind2=" "><subfield code="a">Ilustración, ilustraciones: No.</subfield></datafield><datafield tag="500" ind1=" " ind2=" "><subfield code="a">Tipo de cuaderno: Cuadernos de diferente tipo recosidos con cuerda.</subfield></datafield><datafield tag="500" ind1=" " ind2=" "><subfield code="a">Deterioros generales: Encuadernación muy deteriorada por galerías por insectos. Manchas de humedad en los folios. Volumen un poco desprendido de la encuadernación.</subfield></datafield><datafield tag="500" ind1=" " ind2=" "><subfield code="a">H. en blanco: No.</subfield></datafield><datafield tag="500" ind1=" " ind2=" "><subfield code="a">H. dañadas, mutiladas, sueltas: Manchas de humedad en la mayoría de las hojas. La primera hoja de la obra pegada a la contraportada y la primera foliada mutilada (texto de ambas muy afectado).</subfield></datafield><datafield tag="500" ind1=" " ind2=" "><subfield code="a">H. faltan o añadidas: Obra acéfala.</subfield></datafield><datafield tag="500" ind1=" " ind2=" "><subfield code="a">Foliación: Sin foliación original. Se ha foliado a lápiz en el margen superior izquierdo del recto.</subfield></datafield><datafield tag="500" ind1=" " ind2=" "><subfield code="a">Reclamos: En el verso de todos los folios.</subfield></datafield><datafield tag="500" ind1=" " ind2=" "><subfield code="a">Signatura de cuaderno: No.</subfield></datafield><datafield tag="500" ind1=" " ind2=" "><subfield code="a">Pautado: No se aprecia. Distancia interlineal: 0,5-0,6 cm.</subfield></datafield><datafield tag="500" ind1=" " ind2=" "><subfield code="a">Filigrana: No se distinguen por la humedad de los folios.</subfield></datafield><datafield tag="500" ind1=" " ind2=" "><subfield code="a">Signatura antigua: AEEA, caja 29.</subfield></datafield><datafield tag="500" ind1=" " ind2=" "><subfield code="a">Anotaciones: Muchas notas marginales a lo largo de toda la obra. ff. 1r y 124v: sello azul de la Escuela de Estudios Árabes. f. 231v: “Donativo del ministro Sr. Beigbeder”.</subfield></datafield><datafield tag="510" ind1="3" ind2=" "><subfield code="a">Descripción: No.</subfield></datafield><datafield tag="510" ind1="4" ind2=" "><subfield code="a">Bibliografía: No.</subfield></datafield><datafield tag="520" ind1=" " ind2=" "><subfield code="a">Comentario de al-Mujtaṣar de Jalīl b. Isḥaq, de Šaiḥ al-Islām a. ʿAl. M. b. A. ʿUllaiš al-Mālikī al-Maġribī, titulado Šarḥ Muḥtaṣar Ḥalīl (GAL, S. II, 738), también conocido como Minaḥ al-Jalīl.</subfield></datafield><datafield tag="530" ind1=" " ind2=" "><subfield code="a">Digitalizado.</subfield></datafield><datafield tag="541" ind1=" " ind2=" "><subfield code="a">Procedencia: Antigua Escuela de Estudios Árabes: donativo del ministro Beigbeder.</subfield><subfield code="b">Ingreso: 02/03/1940</subfield></datafield><datafield tag="546" ind1=" " ind2=" "><subfield code="a">En árabe</subfield></datafield><datafield tag="563" ind1=" " ind2=" "><subfield code="a">Encuadernado en cartera de piel marrón sobre cartón. Muy deteriorada, con remiendos antiguos. Restos de decoración con pedazos de piel pegados.</subfield></datafield><datafield tag="546" ind1=" " ind2=" "><subfield code="a">Árabe</subfield><subfield code="b">con escritura Magrebí</subfield></datafield><datafield tag="595" ind1=" " ind2=" "><subfield code="a">No.</subfield></datafield><datafield tag="650" ind1=" " ind2="7"><subfield code="a">Derecho islámico.</subfield><subfield code="2">CSICAU</subfield></datafield><datafield tag="650" ind1=" " ind2="7"><subfield code="a">Malikíes.</subfield><subfield code="2">CSICAU</subfield></datafield><datafield tag="650" ind1=" " ind2="7"><subfield code="a">Manuscritos árabes.</subfield><subfield code="2">CSICAU</subfield></datafield><datafield tag="830" ind1=" " ind2="0"><subfield code="a">Manuscripta</subfield></datafield><datafield tag="856" ind1="4" ind2="1"><subfield code="u">http://aleph.csic.es/imagenes/mad01/0006_PMSC/P_001231661_658946_V00.pdf</subfield><subfield code="z">Descargar Pdf completo (36M)</subfield><subfield code="m">CSIC</subfield></datafield><datafield tag="856" ind1="4" ind2="1"><subfield code="u">http://simurg.bibliotecas.csic.es/viewer/image/CSIC001231661/1/</subfield><subfield code="z">Ver texto completo en SIMURG, el portal de fondos digitalizados del CSIC</subfield><subfield code="m">CSIC</subfield></datafield><datafield tag="856" ind1="4" ind2="1"><subfield code="u">http://aleph.csic.es/imagenes/mad01/0006_PMSC/html/001231661.html</subfield><subfield code="z">Ver texto completo en Bookreader</subfield></datafield></record></metadata></record>